<?xml version="1.0" encoding="UTF-8"?><record xmlns="http://www.loc.gov/MARC21/slim" xmlns:cinclude="http://apache.org/cocoon/include/1.0" xmlns:zs="http://www.loc.gov/zing/srw/">
  <leader>00471nz  a2200157n  4500</leader>
  <controlfield tag="001">no2015161508</controlfield>
  <controlfield tag="003">DLC</controlfield>
  <controlfield tag="005">20151205073528.0</controlfield>
  <controlfield tag="008">151204n| azannaabn          |a aaa     c</controlfield>
  <datafield tag="010" ind1=" " ind2=" ">
    <subfield code="a">no2015161508</subfield>
  </datafield>
  <datafield tag="035" ind1=" " ind2=" ">
    <subfield code="a">(OCoLC)oca10336280</subfield>
  </datafield>
  <datafield tag="040" ind1=" " ind2=" ">
    <subfield code="a">UkCU</subfield>
    <subfield code="b">eng</subfield>
    <subfield code="e">rda</subfield>
    <subfield code="c">UkCU</subfield>
  </datafield>
  <datafield tag="100" ind1="1" ind2=" ">
    <subfield code="a">Jauncey, James.</subfield>
    <subfield code="t">Scone Palace.</subfield>
    <subfield code="l">French</subfield>
  </datafield>
  <datafield tag="377" ind1=" " ind2=" ">
    <subfield code="a">fre</subfield>
  </datafield>
  <datafield tag="400" ind1="1" ind2=" ">
    <subfield code="a">Jauncey, James.</subfield>
    <subfield code="t">Palais de Scone</subfield>
  </datafield>
  <datafield tag="670" ind1=" " ind2=" ">
    <subfield code="a">Jauncey, James. Le Palais de Scone, 2003</subfield>
    <subfield code="b">colophon (translated from the English)</subfield>
  </datafield>
</record>